% Encoding: UTF-8

@Misc{semovi,
  author = {Secretaría de Movilidad},
  title  = {Cinco siglos de Transporte en la Ciudad de México},
  note   = {\url{http://data.semovi.cdmx.gob.mx/wb/stv/acerca\_de\_setravi.html}.},
}

@Book{taha,
  title     = {Operations Research: An Introduction},
  publisher = {Pearson Educación de México},
  year      = {2011},
  author    = {Taha H. A.},
  edition   = {9th Edition},
  isbn      = {978-607-32-0796-6},
  url       = {https://www.amazon.com/Investigaci%C3%B3n-operaciones-TAHA/dp/6073207964?SubscriptionId=AKIAIOBINVZYXZQZ2U3A&tag=chimbori05-20&linkCode=xm2&camp=2025&creative=165953&creativeASIN=6073207964},
}

@Electronic{sm1,
  author = {{Sistema de Movilidad 1}},
  year   = {4 de junio de 2018},
  title  = {\texttt{http://www.sm1.cdmx.gob.mx/comunicacion}},
}

@Book{euler,
  title  = {Solutio problematis ad geometriam situs pertinentis},
  year   = {(1736)},
  author = {L. Euler},
}

@Article{solomonoff,
  author  = {Solomonoff, R. y Rapoport, A.},
  title   = {{C}onnectivity a random nets},
  journal = {The Structure and Dynamics of Networks},
  year    = {1951},
  pages   = {27-37},
}

@Article{erdos,
  author  = {Erdös, P. y Rényi, A.},
  title   = {{O}n the evolution of random graphs},
  journal = {The Structure and Dynamics of Networks},
  year    = {1960},
  pages   = {38-82},
}

@Article{travers,
  author  = {Travers, J. y Milgram, S.},
  title   = {An experimental study of the small world problem},
  journal = {The Structure and Dynamics of Networks},
  year    = {1969},
  pages   = {130-148},
}

@Article{barabasi,
  author  = {Barabási, A.-L. y Albert, R.},
  title   = {Emergence of scaling in random networks},
  journal = {Science},
  year    = {1999},
  pages   = {509-512},
}

@Article{derrible,
  author  = {Derrible, S. y Kennedy, C.},
  title   = {Characterizing metro networks: state, form, and structure},
  journal = {Springer Science},
  year    = {2009},
  pages   = {275-297},
}

@Article{newman,
  author  = {M.E.J., Newman},
  title   = {Assortative mixing in networks},
  journal = {Physical Review Letters},
  year    = {2002},
  pages   = {89},
}

@Article{rockafellar,
  author  = {Rockafellar, R.T.},
  title   = {Networks Flows and Monotropic Optimization},
  journal = {[Athena Scientific, Belmont, Massachusetts]},
  year    = {1998},
}

@Article{ahuja,
  author  = {Ahuja, R. and Magnanti, T. and Orlin, J.},
  title   = {{Network Flows: Theory, Algorithms and Applicattions}},
  journal = {[Prentice Hall]},
  year    = {1993},
}

@Article{carmi,
  author  = {Carmi, S. and Wu, Z. and López, E. and Stanley H.E., Havlin S.},
  title   = {Transport between multiple sources in complex networks},
  journal = {The European Physical Journal B},
  year    = {2007},
  pages   = {165-174},
}

@Book{bazara,
  title     = {Linear Programming and Netwok Flows},
  publisher = {Wiley},
  year      = {2010},
  author    = {Bazaraa M. and Jarvis J. and Sherali H.},
  edition   = {4th Edition},
}

@Article{watts,
  author    = {Watts, Duncan J and Strogatz, Steven H},
  title     = {Collective dynamics of ‘small-world’networks},
  journal   = {nature},
  year      = {1998},
  volume    = {393},
  number    = {6684},
  pages     = {440},
  publisher = {Nature Publishing Group},
}

@Article{albertybarabasi,
  author    = {Albert, R{\'e}ka and Barab{\'a}si, Albert-L{\'a}szl{\'o}},
  title     = {Statistical mechanics of complex networks},
  journal   = {Reviews of modern physics},
  year      = {2002},
  volume    = {74},
  number    = {1},
  pages     = {47},
  publisher = {APS},
}

@Article{barabasiybonabeau,
  author    = {Barab{\'a}si, Albert-L{\'a}szl{\'o} and Bonabeau, Eric},
  title     = {Scale-free networks},
  journal   = {Scientific american},
  year      = {2003},
  volume    = {288},
  number    = {5},
  pages     = {60--69},
  publisher = {JSTOR},
}

@Book{dorogovtsev,
  title     = {Evolution of networks: From biological nets to the Internet and WWW},
  publisher = {OUP Oxford},
  year      = {2013},
  author    = {Dorogovtsev, Sergei N and Mendes, Jos{\'e} FF},
}

@Article{latora,
  author    = {Latora, Vito and Marchiori, Massimo},
  title     = {Efficient behavior of small-world networks},
  journal   = {Physical review letters},
  year      = {2001},
  volume    = {87},
  number    = {19},
  pages     = {198701},
  publisher = {APS},
}

@Article{crucitti,
  author    = {Crucitti, Paolo and Latora, Vito and Marchiori, Massimo and Rapisarda, Andrea},
  title     = {Efficiency of scale-free networks: error and attack tolerance},
  journal   = {Physica A: Statistical Mechanics and its Applications},
  year      = {2003},
  volume    = {320},
  pages     = {622--642},
  publisher = {Elsevier},
}

@Electronic{romero,
  author = {C. Romero},
  title  = {Análisis de las de las decisiones multicriterio},
  url    = {https://www.isdefe.es/monografias/docs/Decisiones.pdf},
}

@Electronic{enfoque,
  title = {El enfoque multiobjetivo en los modelos matemáticos de planificación de cultivos},
  url   = {https://helvia.uco.es/xmlui/bitstream/handle/10396/2836/13.pdf?sequence=1},
}

@Book{murty,
  title     = {Linear programming},
  publisher = {Springer},
  year      = {1983},
  author    = {Murty, Katta G},
}

@Article{warbunton,
  author    = {Evans, Gerald W},
  title     = {An overview of techniques for solving multiobjective mathematical programs},
  journal   = {Management Science},
  year      = {1984},
  volume    = {30},
  number    = {11},
  pages     = {1268--1282},
  publisher = {INFORMS},
}

@InProceedings{erlebach,
  author       = {Erlebach, Thomas and Jansen, Klaus and Seidel, Eike},
  title        = {Polynomial-time approximation schemes for geometric graphs},
  booktitle    = {Proceedings of the twelfth annual ACM-SIAM symposium on Discrete algorithms},
  year         = {2001},
  pages        = {671--679},
  organization = {Society for Industrial and Applied Mathematics},
}

@Book{ehrgott,
  title     = {Multicriteria optimization},
  publisher = {Springer Science \& Business Media},
  year      = {2005},
  author    = {Ehrgott, Matthias},
  volume    = {491},
}

@InCollection{serafini,
  author    = {Serafini, Paolo},
  title     = {Simulated annealing for multi objective optimization problems},
  booktitle = {Multiple criteria decision making},
  publisher = {Springer},
  year      = {1994},
  pages     = {283--292},
}

@Misc{zanarini,
  author = {Dante Zanarini},
  title  = {Algoritmos Greedy},
  note   = {\url{https://www.yumpu.com/es/document/view/14171352/algoritmos-greedy/19}.},
}

@Misc{roger,
  author = {Rafael Cunquero},
  title  = {Algoritmos Heurísticos en Optimización Combinatoria},
  note   = {\url{http://yalma.fime.uanl.mx/~roger/work/teaching/mecbs5122/1-Introduction/Intro-by-Rafa%20Marti.pdf}.},
}

@Article{metropolis,
  author    = {Metropolis, Nicholas and Rosenbluth, Arianna W and Rosenbluth, Marshall N and Teller, Augusta H and Teller, Edward},
  title     = {Equation of state calculations by fast computing machines},
  journal   = {The journal of chemical physics},
  year      = {1953},
  volume    = {21},
  number    = {6},
  pages     = {1087--1092},
  publisher = {AIP},
}

@Article{kirkpatrick,
  author    = {Kirkpatrick, Scott and Gelatt, C Daniel and Vecchi, Mario P},
  title     = {Optimization by simulated annealing},
  journal   = {science},
  year      = {1983},
  volume    = {220},
  number    = {4598},
  pages     = {671--680},
  publisher = {American Association for the Advancement of Science},
}

@InCollection{glover,
  author    = {Glover, Fred},
  title     = {Tabu search and adaptive memory programming—advances, applications and challenges},
  booktitle = {Interfaces in computer science and operations research},
  publisher = {Springer},
  year      = {1997},
  pages     = {1--75},
}

@Misc{sanchez,
  author = {Gabriela Sánchez},
  title  = {Transformarán a la RTP en el Sistema M1 con unidades de nueva generación},
  note   = {\url{https://www.jornada.com.mx/2015/01/25/capital/030n2cap#}.},
}

@Misc{sheinbaum,
  author = {Clauida Sheinbaum},
  title  = {Plan estratégico de movilidad de la Ciudad de México 2019},
  note   = {\url{https://semovi.cdmx.gob.mx/storage/app/media/uploaded-files/plan-estrategico-de-movilidad-2019.pdf}.},
}

@Misc{colchado,
  author = {Israel Colchado},
  title  = {La movilidad urbana en la Ciudad de México: un problema complejo},
  note   = {\url{https://www.c3.unam.mx/boletines/boletin5.html}.},
}

@Article{perez,
  author    = {P{\'e}rez, Johanna Camargo and Carrillo, Martha Helena and Montoya-Torres, Jairo R},
  title     = {Multi-criteria approaches for urban passenger transport systems: a literature review},
  journal   = {Annals of operations research},
  year      = {2015},
  volume    = {226},
  number    = {1},
  pages     = {69--87},
  publisher = {Springer},
}

@Misc{moore,
  author = {Moore, T and Pulidindi, J},
  title  = {Understanding urban transportation systems: an action guide for city leaders. National League of Cities},
  year   = {2013},
}

@InCollection{wegener,
  author    = {Wegener, M},
  title     = {Overview of land use transport models. Handbook of transport geography and spatial systems},
  booktitle = {Handbook 5 of the Handbook in Transport},
  publisher = {Pergamon/Elsevier Science Kidlington},
  year      = {2004},
}

@Article{gershenson2009,
  author    = {Gershenson, Carlos and Pineda, Luis A},
  title     = {Why does public transport not arrive on time? The pervasiveness of equal headway instability},
  journal   = {PloS one},
  year      = {2009},
  volume    = {4},
  number    = {10},
  pages     = {e7292},
  publisher = {Public Library of Science},
}

@InCollection{gershenson2012,
  author    = {Gershenson, Carlos},
  title     = {Self-organizing urban transportation systems},
  booktitle = {Complexity Theories of Cities Have Come of Age},
  publisher = {Springer},
  year      = {2012},
  pages     = {269--279},
}

@Article{kovacs,
  author    = {Kovacs, Attila A and Parragh, Sophie N and Hartl, Richard F},
  title     = {The multi-objective generalized consistent vehicle routing problem},
  journal   = {European Journal of Operational Research},
  year      = {2015},
  volume    = {247},
  number    = {2},
  pages     = {441--458},
  publisher = {Elsevier},
}

@Article{ma,
  author    = {Ma, Xiaolei and Yu, Haiyang and Wang, Yunpeng and Wang, Yinhai},
  title     = {Large-scale transportation network congestion evolution prediction using deep learning theory},
  journal   = {PloS one},
  year      = {2015},
  volume    = {10},
  number    = {3},
  pages     = {e0119044},
  publisher = {Public Library of Science},
}

@Misc{lopez,
  author = {Miguel López},
  title  = {El transporte de pasajeros y el sistema vial en la Ciudad de México},
  note   = {\url{https://archivos.juridicas.unam.mx/www/bjv/libros/6/2735/12.pdf}.},
}

@Article{lambarry,
  author    = {L{\'a}mbarry, Fernando and Trujillo, Mara Maricela and Cumbres, Cintia Guadalupe},
  title     = {Stress from an administrative perspective in public transport drivers in Mexico City: Minibus and metrobus},
  journal   = {Estudios Gerenciales},
  year      = {2016},
  volume    = {32},
  number    = {139},
  pages     = {112--119},
  publisher = {Elsevier},
}

@Article{pamucar,
  author    = {Pamu{\v{c}}ar, Dragan and Gigovi{\'c}, Ljubomir and {\'C}irovi{\'c}, Goran and Regodi{\'c}, Miodrag},
  title     = {Transport spatial model for the definition of green routes for city logistics centers},
  journal   = {Environmental Impact Assessment Review},
  year      = {2016},
  volume    = {56},
  pages     = {72--87},
  publisher = {Elsevier},
}

@Misc{varela,
  author = {Sebastián Varela},
  title  = {Urban and suburban transport in Mexico City. In the International Transport Forum Discussion Paper},
  note   = {\url{https://www.itf-oecd.org/sites/default/files/docs/varela_0.pdf}.},
}

@Article{bayraktar,
  author    = {Bayraktar, Hanefi and Turalioglu, F Sezer},
  title     = {A Kriging-based approach for locating a sampling site—in the assessment of air quality},
  journal   = {Stochastic Environmental Research and Risk Assessment},
  year      = {2005},
  volume    = {19},
  number    = {4},
  pages     = {301--305},
  publisher = {Springer},
}

@Article{fenger,
  author    = {Fenger, Jes},
  title     = {Urban air quality},
  journal   = {Atmospheric environment},
  year      = {1999},
  volume    = {33},
  number    = {29},
  pages     = {4877--4900},
  publisher = {Elsevier},
}

@Article{mayer,
  author    = {Mayer, Helmut},
  title     = {Air pollution in cities},
  journal   = {Atmospheric environment},
  year      = {1999},
  volume    = {33},
  number    = {24-25},
  pages     = {4029--4037},
  publisher = {Elsevier},
}

@InProceedings{tang,
  author       = {Tang, Mengfan and Agrawal, Pranav and Nie, Feiping and Pongpaichet, Siripen and Jain, Ramesh},
  title        = {A graph based multimodal geospatial interpolation framework},
  booktitle    = {2016 IEEE International Conference on Multimedia and Expo (ICME)},
  year         = {2016},
  pages        = {1--6},
  organization = {IEEE},
}

@Misc{oms,
  author = {Organización Mundial de la Salud, O. M. S.},
  note   = {\url{https://www.paho.org/hq/index.php?option=com_content&view=article&id=12918:ambient-air-pollution&Itemid=72243&lang=es}. Accedido: 16-09-2019},
  title  = {Contaminación del Aire Ambiental},
  year   = {2019},
}

@Electronic{gpm,
  author = {Greenpeace},
  note   = {\url{https://www.greenpeace.org/mexico/noticia/1648/demandan/ong/acciones/contundentes/para/mejorar/la/calidad/del/aire/en/monterrey/}. Accedido: 01-02-2019},
  title  = {Demandan ONG acciones contundentes para mejorar la calidad del aire en Monterrey},
  year   = {2019},
}

@Misc{napm,
  author = {Greenpeace},
  note   = {\url{https://www.greenpeace.org/archive-mexico/Global/mexico/Docs/2018/Revoluci%C3%B3n%20Urbana/No_apto_para_pulmones_pequen%CC%83osok3.pdf}. Accedido: 23-01-2019},
  title  = {No Apto Para Pulmones Pequeños, Diagnóstico de Calidad del Aire y el Derecho de Niñas, Niños y Adolescentes al Aire Limpio},
  year   = {2011},
}

@Misc{sdsdnl,
  author = {Secretaría de Desarrollo Sustentable de Nuevo León, N. L..},
  note   = {\url{http://aire.nl.gob.mx/docs/reportes/mensuales/12_Reporte_Diciembre_2018.pdf}. Accedido: 01-04-2019},
  title  = {Reporte de Calidad del Aire y Meteorología del Área Metropolitana de Monterrey},
  year   = {2019},
}

@Book{alloway,
  title     = {Chemical principles of environmental pollution},
  publisher = {CRC press},
  year      = {1997},
  author    = {Alloway, Brian and Ayres, David C},
}

@Article{aurenhammer,
  author  = {Aurenhammer, Franz and Klein, Rolf},
  title   = {Voronoi diagrams},
  journal = {Handbook of computational geometry},
  year    = {2000},
  volume  = {5},
  number  = {10},
  pages   = {201--290},
}

@Article{dirichlet,
  author  = {Dirichlet, G Lejeune},
  title   = {Uber die Reduktion der positiven quadratischen Formen mit drei unbestimmten ganzen Zahlen},
  journal = {J. reine angew. Math.},
  year    = {1850},
  volume  = {40},
  pages   = {209},
}

@Article{doval,
  author  = {Doval, Hern{\'a}n C},
  journal = {Revista Argentina de Cardiología},
  title   = {John Snow y la epidemia de c{\'o}lera en Londres en 1854:``los hechos hablan por s{\'\i} solos, o es necesaria una hip{\'o}tesis para encontrar los hechos"[carta del director]},
  year    = {2003},
  pages   = {463--467},
}

@InProceedings{manzoor,
  author       = {Manzoor, S and Edwards, MG and Dogru, A and Al-Shaalan, TM},
  booktitle    = {ECMOR XIV-14th European conference on the mathematics of oil recovery},
  title        = {Boundary Aligned Grid Generation and CVD-MPFA-Cell-centred Versus Cell-vertex on Unstructured Grids},
  year         = {2014},
  number       = {1},
  organization = {European Association of Geoscientists \& Engineers},
  pages        = {1--30},
  volume       = {2014},
}

@Article{okabe,
  author    = {Senechal, Marjorie},
  journal   = {Science},
  title     = {Spatial tessellations: Concepts and applications of voronoi diagrams},
  year      = {1993},
  number    = {5111},
  pages     = {1170--1173},
  volume    = {260},
  publisher = {American Association for the Advancement of Science},
}

@Book{brown,
  title     = {Point density in stems per acre},
  publisher = {Forest Research Institute, New Zealand Forest Service},
  year      = {1965},
  author    = {Brown, George Stewart},
}

@InCollection{turek,
  author    = {Turek, Zdenek and Hoofd, Louis and Batra, Sanjay and Rakusan, Karel},
  booktitle = {Oxygen Transport to Tissue XIV},
  publisher = {Springer},
  title     = {The effect of realistic geometry of capillary networks on tissue PO$_{2}$ in hypertrophied rat heart},
  year      = {1992},
  pages     = {567--572},
}

@Article{icke,
  author  = {Icke, Vincent and Weygaert, R and others},
  title   = {Fragmenting the universe},
  journal = {Astronomy and Astrophysics},
  year    = {1987},
  volume  = {184},
  pages   = {16},
}

@Article{aguilar,
  author    = {Aguilar, Fernando J and Ag{\"u}era, Francisco and Aguilar, Manuel A and Carvajal, Fernando},
  title     = {Effects of terrain morphology, sampling density, and interpolation methods on grid DEM accuracy},
  journal   = {Photogrammetric Engineering \& Remote Sensing},
  year      = {2005},
  volume    = {71},
  number    = {7},
  pages     = {805--816},
  publisher = {American Society for Photogrammetry and Remote Sensing},
}

@Article{talmi,
  author    = {Talmi, A and Gilat, G},
  title     = {Method for smooth approximation of data},
  journal   = {Journal of Computational Physics},
  year      = {1977},
  volume    = {23},
  number    = {2},
  pages     = {93--123},
  publisher = {Elsevier},
}

@Article{lazzaro,
  author    = {Lazzaro, Damiana and Montefusco, Laura B},
  title     = {Radial basis functions for the multivariate interpolation of large scattered data sets},
  journal   = {Journal of Computational and Applied Mathematics},
  year      = {2002},
  volume    = {140},
  number    = {1-2},
  pages     = {521--536},
  publisher = {Elsevier},
}

@Article{arias,
  author    = {Arias, Jaime Alberto and Losada, Bell and Moreno, Francisco and Bravo, Alejandro},
  journal   = {Revista Ingenier{\'\i}as Universidad de Medell{\'\i}n},
  title     = {Mejoramiento de im{\'a}genes usando funciones de base radial},
  year      = {2009},
  number    = {15},
  pages     = {21--28},
  volume    = {8},
  publisher = {Universidad de Medell{\'\i}n},
}

@Article{franke,
  author  = {Franke, Richard},
  title   = {Scattered data interpolation: tests of some methods},
  journal = {Mathematics of computation},
  year    = {1982},
  volume  = {38},
  number  = {157},
  pages   = {181--200},
}

@Article{hardy,
  author    = {Hardy, Rolland L},
  title     = {Multiquadric equations of topography and other irregular surfaces},
  journal   = {Journal of geophysical research},
  year      = {1971},
  volume    = {76},
  number    = {8},
  pages     = {1905--1915},
  publisher = {Wiley Online Library},
}

@Article{hardy1990,
  author    = {Hardy, Rolland L},
  title     = {Theory and applications of the multiquadric-biharmonic method 20 years of discovery 1968--1988},
  journal   = {Computers \& Mathematics with Applications},
  year      = {1990},
  volume    = {19},
  number    = {8-9},
  pages     = {163--208},
  publisher = {Elsevier},
}

@Article{girosi,
  author    = {Girosi, Federico},
  title     = {Some extensions of radial basis functions and their applications in artificial intelligence},
  journal   = {Computers \& Mathematics with Applications},
  year      = {1992},
  volume    = {24},
  number    = {12},
  pages     = {61--80},
  publisher = {Elsevier},
}

@Article{kremper,
  author    = {Kremper, Alexander and Schanze, Thomas and Eckhorn, Reinhard},
  title     = {Classification of neural signals by a generalized correlation classifier based on radial basis functions},
  journal   = {Journal of neuroscience methods},
  year      = {2002},
  volume    = {116},
  number    = {2},
  pages     = {179--187},
  publisher = {Elsevier},
}

@Article{sonar,
  author    = {Sonar, Thomas},
  title     = {Optimal recovery using thin plate splines in finite volume methods for the numerical solution of hyperbolic conservation laws},
  journal   = {IMA Journal of Numerical Analysis},
  year      = {1996},
  volume    = {16},
  number    = {4},
  pages     = {549--581},
  publisher = {Oxford University Press},
}

@Article{armstrong,
  author    = {Armstrong, Marc P and Marciano, Richard},
  title     = {Inverse-distance-weighted spatial interpolation using parallel supercomputers},
  journal   = {Photogrammetric Engineering and Remote Sensing},
  year      = {1994},
  volume    = {60},
  number    = {9},
  pages     = {1097--1102},
  publisher = {[Falls Church, Va.] American Society of Photogrammetry.},
}

@Article{xie,
  author    = {Xie, Yunfeng and Chen, Tong-bin and Lei, Mei and Yang, Jun and Guo, Qing-jun and Song, Bo and Zhou, Xiao-yong},
  title     = {Spatial distribution of soil heavy metal pollution estimated by different interpolation methods: Accuracy and uncertainty analysis},
  journal   = {Chemosphere},
  year      = {2011},
  volume    = {82},
  number    = {3},
  pages     = {468--476},
  publisher = {Elsevier},
}

@Article{ware,
  author    = {Ware, Colin and Knight, William and Wells, David},
  title     = {Memory intensive statistical algorithms for multibeam bathymetric data},
  journal   = {Computers \& Geosciences},
  year      = {1991},
  volume    = {17},
  number    = {7},
  pages     = {985--993},
  publisher = {Elsevier},
}

@Article{vogl,
  author  = {Vogl, S and Laux, Patrick and Qiu, W and Mao, G and Kunstmann, Harald},
  journal = {Hydrology and Earth System Sciences},
  title   = {Copula-based assimilation of radar and gauge information to derive bias-corrected precipitation fields},
  year    = {2012},
  pages   = {2311--2328},
  volume  = {16},
}

@Article{hough,
  author  = {Hough, Rupert L and Breward, Neil and Young, Scott D and Crout, Neil MJ and Tye, Andrew M and Moir, Ann M and Thornton, Iain},
  title   = {Assessing potential risk of heavy metal exposure from consumption of home-produced vegetables by urban populations.},
  journal = {Environmental health perspectives},
  year    = {2004},
  volume  = {112},
  number  = {2},
  pages   = {215--221},
}

@Article{currie,
  author    = {Currie, Janet and Neidell, Matthew},
  title     = {Air pollution and infant health: what can we learn from California's recent experience?},
  journal   = {The Quarterly Journal of Economics},
  year      = {2005},
  volume    = {120},
  number    = {3},
  pages     = {1003--1030},
  publisher = {MIT Press},
}

@Article{chen,
  author    = {Chen, Feng-Wen and Liu, Chen-Wuing},
  title     = {Estimation of the spatial rainfall distribution using inverse distance weighting (IDW) in the middle of Taiwan},
  journal   = {Paddy and Water Environment},
  year      = {2012},
  volume    = {10},
  number    = {3},
  pages     = {209--222},
  publisher = {Springer},
}

@Article{babak,
  author    = {Babak, Olena and Deutsch, Clayton V},
  title     = {Statistical approach to inverse distance interpolation},
  journal   = {Stochastic Environmental Research and Risk Assessment},
  year      = {2009},
  volume    = {23},
  number    = {5},
  pages     = {543--553},
  publisher = {Springer},
}

@Article{bartier,
  author    = {Bartier, Patrick M and Keller, C Peter},
  title     = {Multivariate interpolation to incorporate thematic surface data using inverse distance weighting (IDW)},
  journal   = {Computers \& Geosciences},
  year      = {1996},
  volume    = {22},
  number    = {7},
  pages     = {795--799},
  publisher = {Elsevier},
}

@Book{oliver,
  title     = {Basic steps in geostatistics: the variogram and kriging},
  publisher = {Springer},
  year      = {2015},
  author    = {Oliver, Margaret A and Webster, Richard},
}

@Book{matheron1965,
  title     = {Les variables r{\'e}gionalis{\'e}es et leur estimation: une application de la th{\'e}orie des fonctions al{\'e}atoires aux sciences de la nature},
  publisher = {Masson et CIE},
  year      = {1965},
  author    = {Matheron, Georges},
}

@Article{matheron1963,
  author    = {Matheron, Georges},
  title     = {Principles of geostatistics},
  journal   = {Economic geology},
  year      = {1963},
  volume    = {58},
  number    = {8},
  pages     = {1246--1266},
  publisher = {Society of Economic Geologists},
}

@Article{kolmogorov1939,
  author  = {Kolmogorov, Andrei Nikolaevitch},
  journal = {Comptes rendus de l'Académie des Sciences},
  title   = {Sur l’interpolation et extrapolation des suites stationnaires},
  year    = {1939},
  pages   = {2043--2045},
  volume  = {208},
}

@Article{kolmogorov1941,
  author  = {Kolmogorov, AN},
  journal = {Izvestiya Akademii Nauk Sssr Seriya Fizicheskaya},
  title   = {Interpolirovanie i ekstrapolirovanie statsionarnykh sluchainyk posledovatel’nostei},
  year    = {1941},
  pages   = {3--14},
  volume  = {5},
}

@PhdThesis{wold,
  author = {Wold, Herman},
  school = {Stockholm College},
  title  = {A study in the analysis of stationary time series},
  year   = {1938},
}

@Book{wiener,
  author    = {Wiener, Norbert},
  publisher = {The MIT press. ISBN 978-026-225-719-0},
  title     = {Extrapolation, interpolation, and smoothing of stationary time series},
  year      = {1964},
}

@Article{cressie1990,
  author    = {Cressie, Noel},
  title     = {The origins of kriging},
  journal   = {Mathematical geology},
  year      = {1990},
  volume    = {22},
  number    = {3},
  pages     = {239--252},
  publisher = {Springer},
}

@Article{delgado,
  author  = {Delgado, Omar and Mart{\'\i}nez, Julia},
  title   = {Elaboraci{\'o}n del mapa de ruido del {\'a}rea urbana de la Ciudad de Cuenca--Ecuador, empleando la t{\'e}cnica de interpolaci{\'o}n geoestad{\'\i}stica Kriging ordinario},
  journal = {Ciencias Espaciales},
  year    = {2015},
  volume  = {8},
  number  = {1},
  pages   = {411--440},
}

@Article{villatoro,
  author  = {Villatoro, Mario and Henr{\'\i}quez Henr{\'\i}quez, Carlos Roberto and Sancho, Freddy},
  title   = {Comparaci{\'o}n de los interpoladores IDW y Kriging en la variaci{\'o}n espacial de pH, Ca, CICE y P del suelo},
  journal = {Agronom{\'\i}a Costarricense Vol. 32 N{\'u}m. 1 2007},
  year    = {2007},
}

@Article{kanaroglou,
  author    = {Kanaroglou, Pavlos S and Soulakellis, NA and Sifakis, NI},
  title     = {Improvement of satellite derived pollution maps with the use of a geostatistical interpolation method},
  journal   = {Journal of Geographical Systems},
  year      = {2002},
  volume    = {4},
  number    = {2},
  pages     = {193--208},
  publisher = {Springer},
}

@InCollection{bel,
  author    = {Bel, L},
  title     = {Non Parametric Variogram Estimator. Application to Air Pollution Data},
  booktitle = {geoENV IV—Geostatistics for Environmental Applications},
  publisher = {Springer},
  year      = {2004},
  pages     = {29--40},
}

@InCollection{dimitrakopoulos,
  author    = {Dimitrakopoulos, Roussos and Luo, Xiaochun},
  title     = {Spatiotemporal modelling: covariances and ordinary kriging systems},
  booktitle = {Geostatistics for the next century},
  publisher = {Springer},
  year      = {1994},
  pages     = {88--93},
}

@InCollection{buxton,
  author    = {Buxton, Bruce E and Pate, Alan D},
  title     = {Joint temporal-spatial modeling of concentrations of hazardous pollutants in urban air},
  booktitle = {Geostatistics for the next century},
  publisher = {Springer},
  year      = {1994},
  pages     = {75--87},
}

@Article{bilonick2,
  author    = {Bilonick, Richard A},
  journal   = {Atmospheric Environment (1967)},
  title     = {The space-time distribution of sulfate deposition in the Northeastern United States},
  year      = {1985},
  number    = {11},
  pages     = {1829--1845},
  volume    = {19},
  publisher = {Elsevier},
}

@Article{bilonick1,
  author    = {Bilonick, Richard A},
  journal   = {Atmospheric Environment (1967)},
  title     = {Monthly hydrogen ion deposition maps for the Northeastern US from July 1982 to September 1984},
  year      = {1988},
  number    = {9},
  pages     = {1909--1924},
  volume    = {22},
  publisher = {Elsevier},
}

@Article{oliver1984,
  author    = {Oliver, Margaret A and Webster, Richard},
  title     = {Kriging: a method of interpolation for geographical information systems},
  journal   = {International Journal of Geographical Information System},
  year      = {1990},
  volume    = {4},
  number    = {3},
  pages     = {313--332},
  publisher = {Taylor \& Francis},
}

@Article{dingman,
  author    = {Dingman, S Lawrence and Seely-Reynolds, Diana M and Reynolds III, Robert C},
  title     = {Application of kriging to estimating mean annual precipitation in a region of orographic influence 1},
  journal   = {JAWRA Journal of the American Water Resources Association},
  year      = {1988},
  volume    = {24},
  number    = {2},
  pages     = {329--339},
  publisher = {Wiley Online Library},
}

@Article{mercer,
  author    = {Mercer, Laina D and Szpiro, Adam A and Sheppard, Lianne and Lindstr{\"o}m, Johan and Adar, Sara D and Allen, Ryan W and Avol, Edward L and Oron, Assaf P and Larson, Timothy and Liu, L-J Sally and others},
  title     = {Comparing universal kriging and land-use regression for predicting concentrations of gaseous oxides of nitrogen (NOx) for the Multi-Ethnic Study of Atherosclerosis and Air Pollution (MESA Air)},
  journal   = {Atmospheric Environment},
  year      = {2011},
  volume    = {45},
  number    = {26},
  pages     = {4412--4420},
  publisher = {Elsevier},
}

@Article{sampson,
  author    = {Sampson, Paul D and Richards, Mark and Szpiro, Adam A and Bergen, Silas and Sheppard, Lianne and Larson, Timothy V and Kaufman, Joel D},
  journal   = {Atmospheric environment},
  title     = {A regionalized national universal kriging model using Partial Least Squares regression for estimating annual PM2.5 concentrations in epidemiology},
  year      = {2013},
  pages     = {383--392},
  volume    = {75},
  publisher = {Elsevier},
}

@Article{kumar,
  author    = {Kumar, Vijay},
  title     = {Optimal contour mapping of groundwater levels using universal kriging—a case study},
  journal   = {Hydrological Sciences Journal},
  year      = {2007},
  volume    = {52},
  number    = {5},
  pages     = {1038--1050},
  publisher = {Taylor \& Francis},
}

@Article{kivs,
  author  = {Ki{\v{s}}, Ivana Mesi{\'c}},
  title   = {Comparison of Ordinary and Universal Kriging interpolation techniques on a depth variable (a case of linear spatial trend), case study of the {\v{S}}androvac Field},
  journal = {Rudarsko-geolo{\v{s}}ko-naftni zbornik},
  year    = {2016},
  volume  = {31},
  number  = {2},
  pages   = {41--58},
}

@InProceedings{shepard,
  author    = {Shepard, Donald},
  title     = {A two-dimensional interpolation function for irregularly-spaced data},
  booktitle = {Proceedings of the 1968 23rd ACM national conference},
  year      = {1968},
  pages     = {517--524},
}

@Article{samper,
  author  = {Samper, FJ and Carrera, J},
  title   = {Geoestad{\'\i}stica},
  journal = {Aplicaciones a la Hidrogeolog{\'\i}a Subterr{\'a}nea. Centro Internacional de M{\'e}todos Num{\'e}ricos en Ingenier{\'\i}a. Universitat Polit{\'e}cnica de Catalunya. Barcelona},
  year    = {1990},
}

@Book{webster,
  author    = {Webster, Richard and Oliver, Margaret A},
  publisher = {John Wiley \& Sons. ISBN 978-047-002-858-2},
  title     = {Geostatistics for environmental scientists},
  year      = {2007},
}

@Book{montgomery,
  author    = {Montgomery, Douglas C and Jennings, Cheryl L and Kulahci, Murat},
  publisher = {John Wiley \& Sons. ISBN 978-0-471-65397-4},
  title     = {Introduction to time series analysis and forecasting},
  year      = {2015},
  isbn      = {978-0-471-65397-4},
}

@Article{sima,
  author  = {Martínez, Jerónimo and Arellano, Nuria and Sáenz, Salvador},
  journal = {An{\'a}lisis de Riesgo: Una herramienta de prevenci{\'o}n en la planeaci{\'o}n urbana},
  title   = {An{\'a}lisis de las Mediciones de la Calidad del Aire en el {\'A}rea Metropolitana de Monterrey: SIMA (1993-2001)},
  year    = {2001},
  pages   = {8--13},
}

@Electronic{sernagit,
  author = {Serna, Armando},
  note   = {\url{https://github.com/SernArmando/Air-pollution-Monterrey}. Accedido: 07-09-2020},
  title  = {Modelos estadístico-espaciales de contaminantes del aire en el Área Metropolitana de Monterrey},
  year   = {2020},
}

@Misc{mapa,
  author = {Secretaría de Desarrollo Sustentable de Nuevo León, N. L..},
  note   = {\url{http://aire.nl.gob.mx/icars2020/map_calidad_icars.php}. Accedido: 23-04-2020},
  title  = {{{Índice Aire y Salud. Reporte de la calidad del aire en la Zona Metropolitana de Monterrey}}},
  year   = {2020},
}

@Comment{jabref-meta: databaseType:bibtex;}
